@DocuShare{LCA-13381,
  author =       {Martin Nordby},
  title =        "{LSST Camera Detector Plane Layout}",
  year =         2016,
  month =        oct,
  handle =       {LCA-13381},
}
